@book{Blackwell1954,
  title = "Theory of Games and Statistical Decisions",
  author = "David Blackwell and Meyer A. Girshick",
  year = 1954,
  publisher = "John Wiley \& Sons",
  address = "New York"
}

@book{Ferguson2020,
  title =     {A Course in Game Theory},
  author =    {Thomas S. Ferguson},
  publisher = {World Scientific},
  year =      {2020},
  address = "Singapore"
}

@article{Sion1958,
  author  = "Maurice Sion",
  title   = "On General Minimax Theorems",
  journal = "Pacific Journal of Mathematics",
  year    = 1958,
  volume  = 8,
  number  = 1,
  pages   = "171--176"
}

@book{Bertsekas2009,
  title = "Convex Optimization Theory",
  author = "Dimitri P. Bertsekas",
  year = 2009,
  publisher = "Athena Scientific",
  address = "Belmont",
  note = {\url{https://web.mit.edu/dimitrib/www/Convex_Theory_Entire_Book.pdf}}
}